<record><leader>00000cas a22000007a 4500</leader><controlfield tag="001">18922463</controlfield><controlfield tag="008">881219d19811983alucr ne      0    0eng d</controlfield><datafield ind1=" " ind2=" " tag="010"><subfield code="a">sn 88050233 </subfield></datafield><datafield ind1=" " ind2=" " tag="040"><subfield code="a">AAR</subfield><subfield code="b">eng</subfield><subfield code="c">AAR</subfield><subfield code="d">CPN</subfield><subfield code="d">NSD</subfield><subfield code="d">OCLCQ</subfield></datafield><datafield ind1=" " ind2=" " tag="042"><subfield code="a">msc</subfield></datafield><datafield ind1="0" ind2="4" tag="245"><subfield code="a">The Sylacauga daily advance.</subfield></datafield><datafield ind1="3" ind2="0" tag="246"><subfield code="a">Advance/Sylacauga daily</subfield></datafield><datafield ind1="3" ind2="0" tag="246"><subfield code="a">Sylacauga advance</subfield></datafield><datafield ind1="3" ind2="0" tag="246"><subfield code="a">Sunday advance</subfield></datafield><datafield ind1="1" ind2="7" tag="246"><subfield code="a">Advance</subfield></datafield><datafield ind1=" " ind2=" " tag="260"><subfield code="a">Sylacauga, Ala. :</subfield><subfield code="b">Mrs. W.A. Moody,</subfield><subfield code="c">1981-1893.</subfield></datafield><datafield ind1=" " ind2=" " tag="300"><subfield code="a">v.</subfield></datafield><datafield ind1=" " ind2=" " tag="310"><subfield code="a">Semiweekly,</subfield><subfield code="b">&lt;Nov. 24, 1982-Feb. 13, 1983&gt;</subfield></datafield><datafield ind1=" " ind2=" " tag="321"><subfield code="a">Daily (except Mon., Tues. &amp; Sat.),</subfield><subfield code="b">&lt;May 26, 1982-Nov. 21, 1982&gt;</subfield></datafield><datafield ind1=" " ind2=" " tag="321"><subfield code="a">Daily (except Sat. &amp; Mon.),</subfield><subfield code="b">&lt;Jan. 1, 1981-May 23, 1982&gt;</subfield></datafield><datafield ind1="0" ind2=" " tag="362"><subfield code="a">74th Year, no. 123 (Jan. 1, 1981)-76th year, no. 83 (Feb. 13, 1983).</subfield></datafield><datafield ind1=" " ind2=" " tag="500"><subfield code="a">Days of publication vary.</subfield></datafield><datafield ind1=" " ind2=" " tag="500"><subfield code="a">Published as: The Advance/Sylacauga daily, &lt;Aug. 28, 1981-May 23, 1982&gt;.</subfield></datafield><datafield ind1=" " ind2=" " tag="500"><subfield code="a">Published as: Sylacauga advance, &lt;Nov. 24, 1982-Feb. 13, 1983&gt;.</subfield></datafield><datafield ind1=" " ind2=" " tag="500"><subfield code="a">On Sunday, published as: Sunday advance.</subfield></datafield><datafield ind1=" " ind2=" " tag="752"><subfield code="a">United States</subfield><subfield code="b">Alabama</subfield><subfield code="c">Talladega</subfield><subfield code="d">Sylacauga.</subfield></datafield><datafield ind1="0" ind2="5" tag="780"><subfield code="t">Childersburg star</subfield><subfield code="w">(DLC)sn 88050232</subfield></datafield><datafield ind1="0" ind2="5" tag="780"><subfield code="t">Coosa press</subfield><subfield code="w">(DLC)sn 86050293</subfield></datafield><datafield ind1="0" ind2="4" tag="785"><subfield code="t">Daily home</subfield><subfield code="x">1059-6461</subfield><subfield code="w">(DLC)sn 88050234</subfield></datafield></record>